<?xml version="1.0" encoding="UTF-8"?><collection xmlns="http://www.loc.gov/MARC21/slim"><record><leader>00447nam--2200133-i-4500</leader><controlfield tag="001">000024056</controlfield><controlfield tag="002">20161230</controlfield><controlfield tag="005">20161230201035</controlfield><controlfield tag="008">060222s1000------------r-----000-0-eng-d</controlfield><datafield ind1=" " ind2=" " tag="080"><subfield code="a">621.039.553-34(047.3)</subfield></datafield><datafield ind1=" " ind2=" " tag="100"><subfield code="a">Hudina, M</subfield></datafield><datafield ind1=" " ind2=" " tag="245"><subfield code="a">Evaluation of heat transfer performances of rough surfaces from experimental investigation in annular channels</subfield></datafield><datafield ind1=" " ind2=" " tag="260"><subfield code="a">Wurenlingen, Eidg.Institut Fur Reaktorforschung, 1980, /1381-1392/ P</subfield></datafield><datafield ind1=" " ind2=" " tag="852"><subfield code="a">13968</subfield></datafield></record></collection>